<?xml version="1.0" encoding="UTF-8"?><collection xmlns="http://www.loc.gov/MARC21/slim"><record><leader>00485nam--2200181-i-4500</leader><controlfield tag="001">000011516</controlfield><controlfield tag="002">20161230</controlfield><controlfield tag="005">20161230201029</controlfield><controlfield tag="008">060222s1000------------r-----000-0-eng-d</controlfield><datafield ind1=" " ind2=" " tag="020"><subfield code="a">0121552012</subfield></datafield><datafield ind1=" " ind2=" " tag="040"><subfield code="a">IFIN-HH</subfield></datafield><datafield ind1=" " ind2=" " tag="080"><subfield code="a">539.2:530.145</subfield></datafield><datafield ind1="1" ind2=" " tag="100"><subfield code="a">Callaway, Joseph</subfield></datafield><datafield ind1="1" ind2="0" tag="245"><subfield code="a">Quantum theory of the solid state</subfield><subfield code="b">Part a</subfield><subfield code="c">Joseph callaway</subfield></datafield><datafield ind1=" " ind2=" " tag="260"><subfield code="a">New York</subfield><subfield code="b">Academic Press</subfield><subfield code="c">1974</subfield></datafield><datafield ind1=" " ind2=" " tag="300"><subfield code="a">XI+369P.INDEX(A)</subfield></datafield><datafield ind1=" " ind2=" " tag="852"><subfield code="a">42723</subfield><subfield code="c">539.2</subfield></datafield><datafield ind1=" " ind2=" " tag="CAT"><subfield code="a">Sys</subfield><subfield code="c">20121024</subfield><subfield code="h">174432</subfield></datafield></record></collection>